<collection xmlns="http://www.loc.gov/MARC21/slim">
<record>
  <leader>01754nam0a2200337 i 450 </leader>
  <controlfield tag="001">IT\ICCU\CNCE\010632</controlfield>
  <controlfield tag="005">20070221000000.0</controlfield>
  <datafield tag="012" ind1=" " ind2=" ">
    <subfield code="a">i-n. e-m- hee, pugl (3) 1583 (R)</subfield>
    <subfield code="2">fei</subfield>
  </datafield>
  <datafield tag="100" ind1=" " ind2=" ">
    <subfield code="a">19970101d1583        0itac0103    ba</subfield>
  </datafield>
  <datafield tag="101" ind1=" " ind2=" ">
    <subfield code="a">ITA</subfield>
  </datafield>
  <datafield tag="102" ind1=" " ind2=" ">
    <subfield code="a">IT</subfield>
  </datafield>
  <datafield tag="200" ind1="1" ind2=" ">
    <subfield code="a">Delle azzioni et sentenze del s. Alessandro de&apos; Medici primo duca di Firenze. Ragionamento d&apos;Alessandro Ceccheregli. Nuovamente corretto et ristampato</subfield>
  </datafield>
  <datafield tag="210" ind1=" " ind2=" ">
    <subfield code="a">In Firenze</subfield>
    <subfield code="c">nella stamperia di Bartolomeo Sermartelli</subfield>
    <subfield code="d">1583</subfield>
  </datafield>
  <datafield tag="215" ind1=" " ind2=" ">
    <subfield code="a">112 p.</subfield>
    <subfield code="d">8ʻ</subfield>
  </datafield>
  <datafield tag="620" ind1=" " ind2=" ">
    <subfield code="a">IT</subfield>
    <subfield code="d">Firenze</subfield>
  </datafield>
  <datafield tag="700" ind1=" " ind2="1">
    <subfield code="a">Ceccherelli,</subfield>
    <subfield code="b">Alessandro</subfield>
    <subfield code="3">IT\ICCU\CNCA\002885</subfield>
  </datafield>
  <datafield tag="712" ind1="0" ind2="0">
    <subfield code="a">Sermartelli, Bartolomeo</subfield>
    <subfield code="c"> &lt;1.&gt;</subfield>
    <subfield code="3">IT\ICCU\CNCT\000160</subfield>
    <subfield code="4">650</subfield>
  </datafield>
  <datafield tag="790" ind1=" " ind2="1">
    <subfield code="a">Ceccheregli,</subfield>
    <subfield code="b">Alessandro</subfield>
    <subfield code="3">IT\ICCU\CNCA\013113</subfield>
    <subfield code="z">Ceccherelli, Alessandro</subfield>
  </datafield>
  <datafield tag="791" ind1="0" ind2="2">
    <subfield code="a">Bartolomeo S. M.</subfield>
    <subfield code="3">IT\ICCU\CNCT\004089</subfield>
    <subfield code="z">Sermartelli, Bartolomeo &lt;1.&gt;</subfield>
  </datafield>
  <datafield tag="791" ind1="0" ind2="0">
    <subfield code="a">Sermartellius, Bartholomaeus</subfield>
    <subfield code="c"> &lt;1.&gt;</subfield>
    <subfield code="3">IT\ICCU\CNCT\005648</subfield>
    <subfield code="z">Sermartelli, Bartolomeo &lt;1.&gt;</subfield>
  </datafield>
  <datafield tag="801" ind1=" " ind2="3">
    <subfield code="a">IT</subfield>
    <subfield code="b">ICCU</subfield>
    <subfield code="c">20201113</subfield>
  </datafield>
  <datafield tag="899" ind1=" " ind2=" ">
    <subfield code="a">Biblioteca dell&apos;Abbazia di Novacella. Varna</subfield>
    <subfield code="1">BZ0109</subfield>
    <subfield code="2">ZBZ 04</subfield>
  </datafield>
  <datafield tag="899" ind1=" " ind2=" ">
    <subfield code="a">Biblioteca Apostolica Vaticana. Citt ̉del Vaticano</subfield>
    <subfield code="1">EX0001</subfield>
    <subfield code="2">ZCV 01</subfield>
  </datafield>
  <datafield tag="899" ind1=" " ind2=" ">
    <subfield code="a">Biblioteca nazionale centrale. Firenze</subfield>
    <subfield code="1">FI0098</subfield>
    <subfield code="2">CFI CF</subfield>
  </datafield>
  <datafield tag="899" ind1=" " ind2=" ">
    <subfield code="a">Biblioteca nazionale Vittorio Emanuele III. Napoli</subfield>
    <subfield code="1">NA0079</subfield>
    <subfield code="2">NAP BN</subfield>
  </datafield>
  <datafield tag="899" ind1=" " ind2=" ">
    <subfield code="a">Biblioteca comunale Passerini Landi. Piacenza</subfield>
    <subfield code="1">PC0030</subfield>
    <subfield code="2">PIA PL</subfield>
  </datafield>
  <datafield tag="899" ind1=" " ind2=" ">
    <subfield code="a">Biblioteca civica. Padova</subfield>
    <subfield code="1">PD0090</subfield>
    <subfield code="2">PUV 55</subfield>
  </datafield>
  <datafield tag="899" ind1=" " ind2=" ">
    <subfield code="a">Biblioteca diocesana Piervissani. Nocera Umbra</subfield>
    <subfield code="z">MUTILO</subfield>
    <subfield code="1">PG0060</subfield>
    <subfield code="2">UM1 23</subfield>
  </datafield>
  <datafield tag="899" ind1=" " ind2=" ">
    <subfield code="a">Biblioteca comunale Forteguerriana. Pistoia</subfield>
    <subfield code="1">PT0025</subfield>
    <subfield code="2">RT1 IE</subfield>
  </datafield>
  <datafield tag="899" ind1=" " ind2=" ">
    <subfield code="a">Biblioteca Oliveriana. Pesaro</subfield>
    <subfield code="1">PU0061</subfield>
    <subfield code="2">URB OL</subfield>
  </datafield>
  <datafield tag="899" ind1=" " ind2=" ">
    <subfield code="a">Collezione privata Tiezzi Mazzoni Della Stella Maestri. Torrita di Siena</subfield>
    <subfield code="1">SI0161</subfield>
    <subfield code="2">ZSI 14</subfield>
  </datafield>
</record>
</collection>
